<record><leader>00000cas a2200000 a 4500</leader><controlfield tag="001">10642039</controlfield><controlfield tag="008">840418d18471860dcuwr ne      0   a0eng c</controlfield><datafield ind1=" " ind2=" " tag="010"><subfield code="a">sn 84026752 </subfield></datafield><datafield ind1=" " ind2=" " tag="040"><subfield code="a">NPU</subfield><subfield code="b">eng</subfield><subfield code="c">NPU</subfield><subfield code="d">NPA</subfield><subfield code="d">DLC</subfield><subfield code="d">NPY</subfield><subfield code="d">NPX</subfield><subfield code="d">NPA</subfield><subfield code="d">NPX</subfield><subfield code="d">DLC</subfield><subfield code="d">NPI</subfield><subfield code="d">MFN</subfield><subfield code="d">ONP</subfield><subfield code="d">NVH</subfield><subfield code="d">ONP</subfield><subfield code="d">KNP</subfield><subfield code="d">MGN</subfield><subfield code="d">CNK</subfield><subfield code="d">NVK</subfield><subfield code="d">FUG</subfield><subfield code="d">OBN</subfield><subfield code="d">DCN</subfield><subfield code="d">DLC</subfield><subfield code="d">OCL</subfield><subfield code="d">NVF</subfield><subfield code="d">DLC</subfield><subfield code="d">CVF</subfield><subfield code="d">OCL</subfield><subfield code="d">DCN</subfield><subfield code="d">OCL</subfield><subfield code="d">IUL</subfield><subfield code="d">DLC</subfield><subfield code="d">KRTAS</subfield><subfield code="d">OCLCQ</subfield><subfield code="d">OCLCA</subfield><subfield code="d">OCLCF</subfield><subfield code="d">DLC</subfield><subfield code="d">CGU</subfield></datafield><datafield ind1="0" ind2=" " tag="022"><subfield code="a">2471-5301</subfield><subfield code="2">1</subfield></datafield><datafield ind1=" " ind2=" " tag="042"><subfield code="a">pcc</subfield><subfield code="a">nsdp</subfield></datafield><datafield ind1=" " ind2=" " tag="043"><subfield code="a">n-us-dc</subfield></datafield><datafield ind1="0" ind2="0" tag="050"><subfield code="a">Newspaper</subfield></datafield><datafield ind1="1" ind2="0" tag="082"><subfield code="a">071</subfield><subfield code="2">23</subfield></datafield><datafield ind1="0" ind2=" " tag="130"><subfield code="a">National era (Washington, D.C.)</subfield></datafield><datafield ind1=" " ind2="4" tag="222"><subfield code="a">The national era</subfield><subfield code="b">(Washington, D.C. Print)</subfield></datafield><datafield ind1="1" ind2="4" tag="245"><subfield code="a">The national era.</subfield></datafield><datafield ind1=" " ind2=" " tag="260"><subfield code="a">Washington [D.C.] :</subfield><subfield code="b">L.P. Noble,</subfield><subfield code="c">1847-1860</subfield><subfield code="e">(Washington, D. C. :</subfield><subfield code="f">Buell &amp; Blanchard Printers)</subfield></datafield><datafield ind1=" " ind2=" " tag="300"><subfield code="a">v. ;</subfield><subfield code="c">70 cm.</subfield></datafield><datafield ind1=" " ind2=" " tag="310"><subfield code="a">Weekly</subfield></datafield><datafield ind1="0" ind2=" " tag="362"><subfield code="a">Vol. 1, no. 1 (Jan. 7, 1847)-v. 14, no. 690 (Mar. 22, 1860).</subfield></datafield><datafield ind1=" " ind2=" " tag="500"><subfield code="a">Published by L. P. Noble, Jan. 1, 1847-Dec. 7, 1848.</subfield></datafield><datafield ind1=" " ind2=" " tag="500"><subfield code="a">Editor by G. Baily, Jun., Jan. 7, 1847-&lt;Dec. 11, 1856&gt;; G. Baily also proprietor Feb. 10, 1848-&lt;Dec. 11, 1856&gt;; Corresponding editors: Amos A. Phelps, Jan. 1- Aug. 12, 1847; and: James G. Whittier, Jan. 1, 1847-&lt;Dec. 11, 1856&gt;</subfield></datafield><datafield ind1=" " ind2=" " tag="515"><subfield code="a">Final issue of each volume includes the volume index.</subfield></datafield><datafield ind1=" " ind2=" " tag="530"><subfield code="a">Also issued on microfilm by University Microfilms International, and the Library of Congress, Photoduplication Service.</subfield></datafield><datafield ind1=" " ind2=" " tag="530"><subfield code="a">Archived issues are available in digital format from the Library of Congress Chronicling America online collection.</subfield></datafield><datafield ind1=" " ind2=" " tag="580"><subfield code="a">Daily ed.: Daily national era, 1854.</subfield></datafield><datafield ind1=" " ind2="0" tag="650"><subfield code="a">Antislavery movements</subfield><subfield code="z">United States</subfield><subfield code="v">Newspapers.</subfield></datafield><datafield ind1=" " ind2="0" tag="650"><subfield code="a">African Americans</subfield><subfield code="z">Washington (D.C.)</subfield><subfield code="v">Newspapers.</subfield></datafield><datafield ind1=" " ind2="0" tag="651"><subfield code="a">Washington (D.C.)</subfield><subfield code="v">Newspapers.</subfield></datafield><datafield ind1=" " ind2="7" tag="650"><subfield code="a">African Americans.</subfield><subfield code="2">fast</subfield><subfield code="0">(OCoLC)fst00799558</subfield></datafield><datafield ind1=" " ind2="7" tag="650"><subfield code="a">Antislavery movements.</subfield><subfield code="2">fast</subfield><subfield code="0">(OCoLC)fst00810800</subfield></datafield><datafield ind1=" " ind2="7" tag="651"><subfield code="a">United States.</subfield><subfield code="2">fast</subfield><subfield code="0">(OCoLC)fst01204155</subfield></datafield><datafield ind1=" " ind2="7" tag="651"><subfield code="a">Washington (D.C.)</subfield><subfield code="2">fast</subfield><subfield code="0">(OCoLC)fst01204505</subfield></datafield><datafield ind1=" " ind2="7" tag="655"><subfield code="a">Newspapers.</subfield><subfield code="2">fast</subfield><subfield code="0">(OCoLC)fst01423814</subfield></datafield><datafield ind1="1" ind2=" " tag="700"><subfield code="a">Bailey, Gamaliel,</subfield><subfield code="d">1807-1859,</subfield><subfield code="e">editor.</subfield></datafield><datafield ind1="1" ind2=" " tag="700"><subfield code="a">Phelps, Amos A.</subfield><subfield code="q">(Amos Augustus),</subfield><subfield code="d">1805-1847,</subfield><subfield code="e">corresponding editor.</subfield></datafield><datafield ind1="1" ind2=" " tag="700"><subfield code="a">Whittier, James A. L.</subfield><subfield code="q">(James Anson Lawrence),</subfield><subfield code="d">1844-1896,</subfield><subfield code="e">corresponding editor.</subfield></datafield><datafield ind1=" " ind2=" " tag="752"><subfield code="a">United States</subfield><subfield code="b">District of Columbia</subfield><subfield code="d">Washington.</subfield></datafield><datafield ind1="1" ind2=" " tag="775"><subfield code="t">Daily national era</subfield><subfield code="w">(DLC)sn 86053546</subfield><subfield code="w">(OCoLC)4364562</subfield></datafield><datafield ind1="0" ind2="8" tag="776"><subfield code="i">Online version:</subfield><subfield code="t">National era (Washington, D.C.)</subfield><subfield code="x">2471-531X</subfield><subfield code="w">(DLC)  2005255466</subfield><subfield code="w">(OCoLC)52075412</subfield></datafield><datafield ind1="0" ind2="5" tag="780"><subfield code="t">Baltimore Saturday visiter (Baltimore, Md. : 1841)</subfield><subfield code="w">(DLC)sn 88065164</subfield><subfield code="w">(OCoLC)18711444</subfield></datafield><datafield ind1="0" ind2="4" tag="785"><subfield code="t">Principia (New York, N.Y.)</subfield><subfield code="w">(DLC)sn 91069806</subfield><subfield code="w">(OCoLC)17810677</subfield></datafield><datafield ind1="0" ind2=" " tag="787"><subfield code="t">Facts for the people</subfield><subfield code="w">(DLC)   11028587</subfield><subfield code="w">(OCoLC)5087275</subfield></datafield><datafield ind1="4" ind2="1" tag="856"><subfield code="u">http://www.loc.gov/chroniclingamerica/lccn/sn84026752/issues</subfield></datafield><datafield ind1=" " ind2=" " tag="938"><subfield code="a">Kirtas Technologies, Inc.</subfield><subfield code="b">KRTS</subfield><subfield code="n">738363</subfield></datafield><datafield ind1="1" ind2=" " tag="029"><subfield code="a">AU@</subfield><subfield code="b">000000916109</subfield></datafield></record>